<?xml version="1.0" encoding="UTF-8"?><collection xmlns="http://www.loc.gov/MARC21/slim"><record><leader>00552nam--2200193-i-4500</leader><controlfield tag="001">000033268</controlfield><controlfield tag="002">20161230</controlfield><controlfield tag="005">20161230201039</controlfield><controlfield tag="008">060222s1000------------r-----000-0-rum-d</controlfield><datafield ind1=" " ind2=" " tag="040"><subfield code="a">IFIN-HH</subfield></datafield><datafield ind1=" " ind2=" " tag="041"><subfield code="a">rum</subfield></datafield><datafield ind1=" " ind2=" " tag="080"><subfield code="a">519.6:519.68</subfield></datafield><datafield ind1="1" ind2=" " tag="100"><subfield code="a">Dorn, William S</subfield></datafield><datafield ind1="1" ind2="0" tag="245"><subfield code="a">Metode numerice cu programe in fortran iv. traducere din limba engleza</subfield><subfield code="c">William s. dorn, daniel d. mccracken</subfield></datafield><datafield ind1=" " ind2=" " tag="260"><subfield code="a">Bucuresti</subfield><subfield code="b">Editura Tehnica</subfield><subfield code="c">1972</subfield></datafield><datafield ind1=" " ind2=" " tag="300"><subfield code="a">467P</subfield></datafield><datafield ind1="1" ind2=" " tag="700"><subfield code="a">Mccracken, Daniel D</subfield></datafield><datafield ind1=" " ind2=" " tag="852"><subfield code="a">43029</subfield><subfield code="c">681.3</subfield></datafield><datafield ind1=" " ind2=" " tag="CAT"><subfield code="a">Sys</subfield><subfield code="c">20160504</subfield><subfield code="h">103256</subfield></datafield></record></collection>